% Encoding: UTF-8

@Article{test19,
  author = {test},
}

@Comment{jabref-meta: databaseType:bibtex;}
